
@article{Salmond2015,
	title = {A century of the phage: past, present and future},
	author = {Salmond, George P. C. and Fineran, Peter C.},
	year = {2015},
	month = {11},
	date = {2015-11-09},
	journal = {Nature Reviews Microbiology},
	pages = {777--786},
	volume = {13},
	number = {12},
	doi = {10.1038/nrmicro3564},
	url = {http://dx.doi.org/10.1038/nrmicro3564},
	langid = {en}
}
